  @book{Levitin:126,
  AUTHOR = {Anany V. Levitin},
  TITLE = {Introduction to the Design and Analysis of Algorithms (2nd Edition)},
  YEAR = 2006,
  PUBLISHER = {Addison-Wesley},
  ADDRESS = {Reading, MA},
  KEYWORDS = {}}
